@inproceedings{Hamilton2017InductiveRL,
  title     = {Inductive Representation Learning on Large Graphs},
  author    = {William L. Hamilton and Zhitao Ying and Jure Leskovec},
  booktitle = {NIPS},
  year      = {2017},
  url       = {https://arxiv.org/pdf/1706.02216.pdf}
}
@article{Scarselli2009TheGN,
  title   = {The Graph Neural Network Model},
  author  = {Franco Scarselli and Marco Gori and Ah Chung Tsoi and Markus Hagenbuchner and Gabriele Monfardini},
  journal = {IEEE Transactions on Neural Networks},
  year    = {2009},
  volume  = {20},
  pages   = {61-80},
  url     = {https://ro.uow.edu.au/cgi/viewcontent.cgi?article=10501&context=infopapers}
}
@article{2019,
  title     = {Cluster-GCN},
  url       = {http://dx.doi.org/10.1145/3292500.3330925},
  doi       = {10.1145/3292500.3330925},
  journal   = {Proceedings of the 25th ACM SIGKDD International Conference on Knowledge Discovery & Data Mining},
  publisher = {ACM},
  author    = {Chiang, Wei-Lin and Liu, Xuanqing and Si, Si and Li, Yang and Bengio, Samy and Hsieh, Cho-Jui},
  year      = {2019},
  month     = {Jul}
}

@article{DBLP:journals/corr/KipfW16,
  author     = {Thomas N. Kipf and
                Max Welling},
  title      = {Semi-Supervised Classification with Graph Convolutional Networks},
  journal    = {CoRR},
  volume     = {abs/1609.02907},
  year       = {2016},
  url        = {http://arxiv.org/abs/1609.02907},
  eprinttype = {arXiv},
  eprint     = {1609.02907},
  timestamp  = {Mon, 13 Aug 2018 16:48:31 +0200},
  biburl     = {https://dblp.org/rec/journals/corr/KipfW16.bib},
  bibsource  = {dblp computer science bibliography, https://dblp.org}
}
@article{gnn.review,
  author     = {Jie Zhou and
                Ganqu Cui and
                Zhengyan Zhang and
                Cheng Yang and
                Zhiyuan Liu and
                Maosong Sun},
  title      = {Graph Neural Networks: {A} Review of Methods and Applications},
  journal    = {CoRR},
  volume     = {abs/1812.08434},
  year       = {2018},
  url        = {http://arxiv.org/abs/1812.08434},
  eprinttype = {arXiv},
  eprint     = {1812.08434},
  timestamp  = {Tue, 01 Dec 2020 13:54:50 +0100},
  biburl     = {https://dblp.org/rec/journals/corr/abs-1812-08434.bib},
  bibsource  = {dblp computer science bibliography, https://dblp.org}
}

@article{DBLP:journals/corr/GroverL16,
  author     = {Aditya Grover and
                Jure Leskovec},
  title      = {node2vec: Scalable Feature Learning for Networks},
  journal    = {CoRR},
  volume     = {abs/1607.00653},
  year       = {2016},
  url        = {http://arxiv.org/abs/1607.00653},
  eprinttype = {arXiv},
  eprint     = {1607.00653},
  timestamp  = {Mon, 13 Aug 2018 16:48:14 +0200},
  biburl     = {https://dblp.org/rec/journals/corr/GroverL16.bib},
  bibsource  = {dblp computer science bibliography, https://dblp.org}
}
@article{DBLP:journals/corr/abs-1807-05560,
  author     = {Jiezhong Qiu and
                Jian Tang and
                Hao Ma and
                Yuxiao Dong and
                Kuansan Wang and
                Jie Tang},
  title      = {DeepInf: Social Influence Prediction with Deep Learning},
  journal    = {CoRR},
  volume     = {abs/1807.05560},
  year       = {2018},
  url        = {http://arxiv.org/abs/1807.05560},
  eprinttype = {arXiv},
  eprint     = {1807.05560},
  timestamp  = {Mon, 13 Aug 2018 16:46:15 +0200},
  biburl     = {https://dblp.org/rec/journals/corr/abs-1807-05560.bib},
  bibsource  = {dblp computer science bibliography, https://dblp.org}
}
@misc{duvenaud2015convolutional,
  title         = {Convolutional Networks on Graphs for Learning Molecular Fingerprints},
  author        = {David Duvenaud and Dougal Maclaurin and Jorge Aguilera-Iparraguirre and Rafael Gómez-Bombarelli and Timothy Hirzel and Alán Aspuru-Guzik and Ryan P. Adams},
  year          = {2015},
  eprint        = {1509.09292},
  archiveprefix = {arXiv},
  primaryclass  = {cs.LG}
}
@misc{waikhom2021graph,
  title         = {Graph Neural Networks: Methods, Applications, and Opportunities},
  author        = {Lilapati Waikhom and Ripon Patgiri},
  year          = {2021},
  eprint        = {2108.10733},
  archiveprefix = {arXiv},
  primaryclass  = {cs.LG}
}